@article{OBLB18,
    author     = {Martin Odersky and
                  Olivier Blanvillain and
                  Fengyun Liu and
                  Aggelos Biboudis and
                  Heather Miller and
                  Sandro Stucki},
    title      = "{Simplicitly: Foundations and Applications of Implicit
                   Function Types}",
    journal    = {Proc.~POPL},
    year       = {2018},
    issue_date = {January 2018},
}

@article{AGORS16,
    author = {Lindley, Sam and
              McBride, Conor and
              Trinder, Phil and
              Sannella, Don and
              Amin, Nada and
              Samuel Gr√ºtter, Karl and
              Odersky, Martin and
              Rompf, Tiark and
              Stucki, Sandro},
    year   = {2016},
    month  = {03},
    pages  = {},
    title  = "{The Essence of Dependent Object Types}",
    volume = {9600}
}
